@article{dawson2010integrating,
  title = {Integrating Software Assurance into the Software Development Life Cycle (SDLC)},
  author = {Dawson, Maurice and Burrell, Darrell N and Rahim, Emad and Brewster, Stephen},
  journal = {Journal of Information Systems Technology and Planning},
  volume = {3},
  number = {6},
  pages = {51},
  year = {2010}
}

@article{tassey2002economic,
  title = {The Economic Impacts of Inadequate Infrastructure for Software Testing},
  author = {Tassey, Gregory},
  journal = {National Institute of Standards and Technology, RTI Project},
  volume = {7007},
  number = {011},
  year = {2002},
  publisher = {Citeseer}
}

@inproceedings{hilton2016usage,
  title = {Usage, Costs, and Benefits of Continuous Integration in Open-Source Projects},
  author = {Hilton, Michael and Tunnell, Timothy and Huang, Kai and Marinov, Darko and Dig, Danny},
  booktitle = {Automated Software Engineering (ASE), 2016 31st IEEE/ACM International Conference on},
  pages = {426--437},
  year = {2016},
  organization = {IEEE}
}

@online{fowlerCI,
  title = {Continuous Integration},
	author = {Martin Fowler},
  url = {http://www.martinfowler.com/articles/continuousIntegration.html},
	urldate = {2017-04-24}
}

@online{javascriptstackoverflow,
	title = {Developer Survey Results 2016},
	author = {StackOverflow},
  url = {http://stackoverflow.com/insights/survey/2016},
	urldate = {2017-04-25}
}

@online{ecmascriptstandard,
  title = {Standard ECMA-262, 7th Edition},
  author = {ECMA International},
  url = {https://www.ecma-international.org/publications/standards/Ecma-262.htm},
  urldate = {2017-04-25}
}

@online{ecmascriptstandardfirstversion,
	title = {Standard ECMA-262, 1st Edition},
	author = {ECMA International},
  url = {http://www.ecma-international.org/publications/files/ECMA-ST-ARCH/ECMA-262,%201st%20edition,%20June%201997.pdf},
	urldate = {2017-04-25}
}

@online{tresorit,
  title = {End-to-End Encrypted Cloud Storage for Businesses},
  author = {Tresorit},
  url = {https://tresorit.com},
  urldate = {2017-04-25}
}

@online{kangax,
  title = {ECMAScript 6 compatibility table},
  author = {GitHub user, Kangax},
  url = {http://kangax.github.io/compat-table/es6},
  urldate = {2017-04-26}
}

@online{webedjavascripthistory,
  title = {A Short History of JavaScript},
  author = {World Wide Web Consortium Community},
  url = {https://www.w3.org/community/webed/wiki/A_Short_History_of_JavaScript},
  urldate = {2017-04-26}
}

@online{nodejs,
  title = {About Node.js®},
  author = {Node.js Foundation},
  url = {https://nodejs.org/en/about},
  urldate = {2017-04-26}
}

@online{npmjs,
  title = {About npm},
  author = {npm Inc.},
  url = {https://www.npmjs.com/about},
  urldate = {2017-04-26}
}

@online{pcmagcompilers,
  title = {Definition of: compiler},
  author = {PC Magazine},
  url = {http://www.pcmag.com/encyclopedia/term/40105/compiler},
  urldate = {2017-04-26}
}

@online{wikipedia-static-analysis,
  title = {List of tools for static code analysis},
  author = {Wikipedia},
  url = {https://en.wikipedia.org/wiki/List_of_tools_for_static_code_analysis},
  urldate = {2017-04-25}
}

@online{es6-features,
  title = {ECMAScript 6 — New Features: Overview \& Comparison},
  author = {Engelschall, Ralf S.},
  url = {http://es6-features.org},
  urldate = {2017-04-26}
}

@online{esprima-autocomplete,
  title = {Esprima: Editing Autocomplete},
  author = {Hidayat, Ariya},
  url = {http://esprima.org/demo/autocomplete.html},
  urldate = {2017-04-26}
}

@online{graph-dbs,
  title = {Graph DBMS},
  author = {DB-Engines},
  url = {https://db-engines.com/en/article/Graph+DBMS},
  urldate = {2017-04-26}
}

@online{graph-dbs-raking,
  title = {DB-Engines Ranking of Graph DBMS},
  author = {DB-Engines},
  url = {https://db-engines.com/en/ranking/graph+dbms},
  urldate = {2017-04-26}
}

@online{neo4j-opensource,
  title = {Using Neo4j in Open Source Software},
  author = {Neo Technology Inc.},
  url = {https://neo4j.com/open-source},
  urldate = {2017-04-26}
}

@online{neo4j-licensing,
  title = {Neo4j Licensing},
  author = {Neo Technology Inc.},
  url = {https://neo4j.com/licensing},
  urldate = {2017-04-26}
}

@online{neo4j-cypher,
  title = {Intro to Cypher},
  author = {Neo Technology Inc.},
  url = {https://neo4j.com/developer/cypher-query-language},
  urldate = {2017-04-26}
}

@online{neo4j-github,
  title = {Neo4j},
  author = {Neo Technology Inc.},
  url = {https://github.com/neo4j},
  urldate = {2017-04-27}
}

@online{webstorm-autocomplete,
	title = {How WebStorm Works: Completion for JavaScript Libraries},
	author = {Prigara, Ekaterina},
  url = {https://blog.jetbrains.com/webstorm/2014/07/how-webstorm-works-completion-for-javascript-libraries/},
	urldate = {2017-04-26}
}

@thesis{stein-daniel-msc,
  author = {Stein, Dániel},
  title = {Graph-Based Source Code Analysis of JavaScript Repositories},
  school = {Budapest University of Technology and Economics},
  year = {2016},
  type = {Master's thesis}
}

@article{373902,
  author={B. A. Wichmann and A. A. Canning and D. L. Clutterbuck and L. A. Winsborrow and N. J. Ward and D. W. R. Marsh},
  journal={Software Engineering Journal},
  title={Industrial perspective on static analysis},
  year={1995},
  volume={10},
  number={2},
  pages={69-75},
  keywords={safety-critical software;software metrics;software performance evaluation;software quality;software standards;system monitoring;assurance;benefit assesment;industrial perspective;safety critical software;software development;standards;static analysis;Software metrics;Software performance;Software quality;Software safety;Software standards},
  doi={10.1049/sej.1995.0010},
  ISSN={0268-6961},
  month={March}
}

@article{emanuelsson2008comparative,
  title={A comparative study of industrial static analysis tools},
  author={Emanuelsson, P{\"a}r and Nilsson, Ulf},
  journal={Electronic notes in theoretical computer science},
  volume={217},
  pages={5--21},
  year={2008},
  publisher={Elsevier}
}

@article{anderson2008use,
  title={The use and limitations of static-analysis tools to improve software quality},
  author={Anderson, Paul},
  journal={CrossTalk: The Journal of Defense Software Engineering},
  volume={21},
  number={6},
  pages={18--21},
  year={2008},
  publisher={Citeseer}
}

@phdthesis{livshits2006improving,
  title={Improving software security with precise static and runtime analysis},
  author={Livshits, Benjamin},
  year={2006},
  school={Stanford University}
}

@article{10.1109/MC.2012.57,
  author = {Severance, Charles},
  title = {JavaScript: Designing a Language in 10 Days},
  journal = {Computer},
  volume = {45},
  number = {},
  issn = {0018-9162},
  year = {2012},
  pages = {7--8},
  doi = {doi.ieeecomputersociety.org/10.1109/MC.2012.57},
  publisher = {IEEE Computer Society},
  address = {Los Alamitos, CA, USA},
}

@book{flanagan2006javascript,
  title = {JavaScript: the definitive guide},
  author = {Flanagan, David},
  year = {2006},
  publisher = {" O'Reilly Media, Inc."}
}

@article{kulkarnitranspiler,
  title={Transpiler and it’s Advantages},
  author={Kulkarni, Rohit and Chavan, Aditi and Hardikar, Abhinav},
  publisher={Citeseer},
  journal = {(IJCSIT) International Journal of Computer Science and Information Technologies},
  volume = {6},
  number = {2},
  year = {2015},
  pages = {1629--1631},
  issn = {0975-9646}
}

@inproceedings{madsen2013practical,
  title={Practical static analysis of JavaScript applications in the presence of frameworks and libraries},
  author={Madsen, Magnus and Livshits, Benjamin and Fanning, Michael},
  booktitle={Proceedings of the 2013 9th Joint Meeting on Foundations of Software Engineering},
  pages={499--509},
  year={2013},
  organization={ACM}
}

@article{livshits2010gulfstream,
  title={Gulfstream: incremental static analysis for streaming JavaScript applications},
  author={Livshits, Benjamin and Guarnieri, Salvatore},
  journal={Proceedings of Technical Report MSR-TR-2010-4, Microsoft},
  year={2010}
}

@inproceedings{jensen2009type,
  title={Type analysis for JavaScript},
  author={Jensen, Simon Holm and M{\o}ller, Anders and Thiemann, Peter},
  booktitle={International Static Analysis Symposium},
  pages={238--255},
  year={2009},
  organization={Springer}
}